<?xml version="1.0" encoding="UTF-8"?><collection xmlns="http://www.loc.gov/MARC21/slim"><record><leader>00386nam--2200157-i-4500</leader><controlfield tag="001">000047429</controlfield><controlfield tag="002">20161230</controlfield><controlfield tag="005">20170129010424</controlfield><controlfield tag="008">060222s1000------------r-----000-0-eng-d</controlfield><datafield ind1=" " ind2=" " tag="080"><subfield code="a">548.5</subfield></datafield><datafield ind1=" " ind2=" " tag="100"><subfield code="a">Wilke, K. Th</subfield></datafield><datafield ind1=" " ind2=" " tag="245"><subfield code="a">Kristall zuchtung</subfield></datafield><datafield ind1=" " ind2=" " tag="260"><subfield code="a">Berlin</subfield><subfield code="b">Veb Deutscher Verlag Der Wissenschaften</subfield><subfield code="c">1973</subfield></datafield><datafield ind1=" " ind2=" " tag="300"><subfield code="a">923 p</subfield></datafield><datafield ind1=" " ind2=" " tag="852"><subfield code="a">43595</subfield></datafield><datafield ind1=" " ind2=" " tag="CAT"><subfield code="a">SYS</subfield><subfield code="c">20170129</subfield><subfield code="h">010424</subfield></datafield></record></collection>